@inproceedings{DPLLalgorithm,
  title={A DPLL Algorithm for Solving DQBF},
  author={Andreas Fr{\"o}hlich and Gergely Kov{\'a}sznai and Armin Biere},
  year={2012}
}